@ARTICLE{arts2011,
	author = {Stephen Cripps},
	title = {A journey into the life of a student},
	year = {2011},
	otherinfo = {Awesome.}
}

